<?xml version="1.0" encoding="utf-8"?>
<record xmlns="http://www.loc.gov/MARC21/slim" xmlns:xsi="http://www.w3.org/2001/XMLSchema-instance" xsi:schemaLocation="http://www.loc.gov/MARC21/slim http://www.loc.gov/standards/marcxml/schema/MARC21slim.xsd">
	<leader>     nam a22     Mi 4500</leader>
	<controlfield tag="001">2960436</controlfield>
	<controlfield tag="003">NNC</controlfield>
	<controlfield tag="006">m        d        </controlfield>
	<controlfield tag="007">cr cn |||m|||a</controlfield>
	<controlfield tag="008">190517m19611962sy b    o     000 0 ara  </controlfield>
	<datafield ind1=" " ind2=" " tag="040">
		<subfield code="a">ZYU</subfield>
		<subfield code="b">ara</subfield>
		<subfield code="e">rda</subfield>
		<subfield code="c">ZYU</subfield>
	</datafield>
	<datafield ind1="0" ind2="4" tag="050">
		<subfield code="a">BP135.A2</subfield>
		<subfield code="b">K4</subfield>
	</datafield>
	<datafield ind1="1" ind2=" " tag="100">
		<subfield code="6">880-01</subfield>
		<subfield code="a">Khaṭīb al-Tibrīzī, Muḥammad ibn ʻAbd Allāh,</subfield>
		<subfield code="d">active 1337.</subfield>
	</datafield>
	<datafield ind1="1" ind2="0" tag="245">
		<subfield code="6">880-02</subfield>
		<subfield code="a">Mishkāt al-Maṣābīḥ /</subfield>
		<subfield code="c">taʼlīf Walī al-Dīn Abī ʻAbd Allāh Muḥammad ibn ʻAbd Allāh al-Khaṭīb al-ʻUmarī al-Tibrīzī ; bi-taḥqīq Muḥammad Nāṣir al-Dīn al-Albānī.</subfield>
	</datafield>
	<datafield ind1=" " ind2=" " tag="250">
		<subfield code="6">880-03</subfield>
		<subfield code="a">[al-Ṭabʻah 1].</subfield>
	</datafield>
	<datafield ind1=" " ind2=" " tag="260">
		<subfield code="6">880-04</subfield>
		<subfield code="a">[Damascus] :</subfield>
		<subfield code="b">al-Maktab al-Islāmī lil-Ṭibāʻah wa-al-Nashr,</subfield>
		<subfield code="c">[1961-62]</subfield>
	</datafield>
	<datafield ind1=" " ind2=" " tag="300">
		<subfield code="a">online resource (3 volumes)</subfield>
	</datafield>
	<datafield ind1=" " ind2=" " tag="336">
		<subfield code="a">text</subfield>
		<subfield code="2">rdacontent</subfield>
	</datafield>
	<datafield ind1=" " ind2=" " tag="337">
		<subfield code="a">computer</subfield>
		<subfield code="2">rdamedia</subfield>
	</datafield>
	<datafield ind1=" " ind2=" " tag="338">
		<subfield code="a">online resource</subfield>
		<subfield code="2">rdacarrier</subfield>
	</datafield>
	<datafield ind1=" " ind2=" " tag="500">
		<subfield code="a">V. 3, p. 319-412 &quot;Fihrist bi-asmāʼ al-ruwāt.&quot;</subfield>
	</datafield>
	<datafield ind1=" " ind2=" " tag="500">
		<subfield code="a">A commentary on the hadith collected by al-Baghawī under title: Maṣābīḥ al-sunnah.</subfield>
	</datafield>
	<datafield ind1=" " ind2=" " tag="500">
		<subfield code="a">Part of the Arabic Collections Online (ACO) project, contributed by Columbia University Libraries.</subfield>
	</datafield>
	<datafield ind1=" " ind2=" " tag="533">
		<subfield code="a">Electronic reproduction.</subfield>
		<subfield code="b">New York, N.Y. :</subfield>
		<subfield code="c">New York University,</subfield>
		<subfield code="d">2019.</subfield>
		<subfield code="5">NNU</subfield>
	</datafield>
	<datafield ind1="1" ind2="0" tag="600">
		<subfield code="6">880-05</subfield>
		<subfield code="a">Baghawī, al-Ḥusayn ibn Masʻūd,</subfield>
		<subfield code="d">-1117?</subfield>
		<subfield code="t">Maṣābīḥ al-sunnah.</subfield>
	</datafield>
	<datafield ind1=" " ind2="0" tag="650">
		<subfield code="a">Hadith.</subfield>
	</datafield>
	<datafield ind1=" " ind2="0" tag="650">
		<subfield code="a">Hadith</subfield>
		<subfield code="x">Criticism, interpretation, etc.</subfield>
	</datafield>
	<datafield ind1="0" ind2="7" tag="630">
		<subfield code="a">Maṣābīḥ al-sunnah (Baghawī, al-Ḥusayn ibn Masʻūd)</subfield>
		<subfield code="2">fast</subfield>
		<subfield code="0">(OCoLC)fst01360739</subfield>
	</datafield>
	<datafield ind1=" " ind2="7" tag="650">
		<subfield code="a">Hadith.</subfield>
		<subfield code="2">fast</subfield>
		<subfield code="0">(OCoLC)fst00950112</subfield>
	</datafield>
	<datafield ind1=" " ind2="7" tag="655">
		<subfield code="a">Criticism, interpretation, etc.</subfield>
		<subfield code="2">fast</subfield>
		<subfield code="0">(OCoLC)fst01411635</subfield>
	</datafield>
	<datafield ind1="1" ind2=" " tag="700">
		<subfield code="6">880-06</subfield>
		<subfield code="a">Albānī, Muḥammad Nāṣir al-Dīn.</subfield>
	</datafield>
	<datafield ind1="1" ind2=" " tag="700">
		<subfield code="6">880-07</subfield>
		<subfield code="a">Baghawī, al-Ḥusayn ibn Masʻūd,</subfield>
		<subfield code="d">-1117?</subfield>
		<subfield code="t">Maṣābīḥ al-sunnah.</subfield>
	</datafield>
	<datafield ind1="2" ind2=" " tag="710">
		<subfield code="a">Columbia University.</subfield>
		<subfield code="b">Libraries.</subfield>
	</datafield>
	<datafield ind1="0" ind2=" " tag="730">
		<subfield code="a">Arabic Collections Online.</subfield>
	</datafield>
	<datafield ind1="0" ind2="8" tag="776">
		<subfield code="i">Print version:</subfield>
		<subfield code="a">Khaṭīb al-Tibrīzī, Muḥammad ibn ʻAbd Allāh, active 1337.</subfield>
		<subfield code="t">Mishkāt al-Maṣābīḥ</subfield>
		<subfield code="w">(NNC)2960436</subfield>
		<subfield code="w">(DLC)ne 68001094 </subfield>
		<subfield code="w">(OCoLC)24866287</subfield>
	</datafield>
	<datafield ind1="4" ind2="0" tag="856">
		<subfield code="u">http://hdl.handle.net/2333.1/q83bkc44</subfield>
	</datafield>
	<datafield ind1="1" ind2=" " tag="880">
		<subfield code="6">100-01</subfield>
		<subfield code="a">خطيب التبريزي، محمد بن عبد الله،,</subfield>
		<subfield code="d">active 1337.</subfield>
	</datafield>
	<datafield ind1="1" ind2="0" tag="880">
		<subfield code="6">245-02</subfield>
		<subfield code="a">مشكات المصابيح /</subfield>
		<subfield code="c">تأليف ولي الدين ابي عبد الله محمد بن عبد الله الخطيب العمري التبريزي ؛ بتحقيق محمد ناصر الدين الألباني.</subfield>
	</datafield>
	<datafield ind1=" " ind2=" " tag="880">
		<subfield code="6">250-03</subfield>
		<subfield code="a">[الطبعة 1].</subfield>
	</datafield>
	<datafield ind1=" " ind2=" " tag="880">
		<subfield code="6">260-04</subfield>
		<subfield code="a">[دمشق] :</subfield>
		<subfield code="b">المكتب الاسلامي للطباعة والنشر،</subfield>
		<subfield code="c">[1961-62]</subfield>
	</datafield>
	<datafield ind1="1" ind2="4" tag="880">
		<subfield code="6">600-05</subfield>
		<subfield code="a">بغوي، الحسين بن مسعود،,</subfield>
		<subfield code="d">-1117?</subfield>
		<subfield code="t">مصابيح السنة.</subfield>
	</datafield>
	<datafield ind1="1" ind2=" " tag="880">
		<subfield code="6">700-06</subfield>
		<subfield code="a">ألباني، محمد ناصر الدين.</subfield>
	</datafield>
	<datafield ind1="1" ind2=" " tag="880">
		<subfield code="6">700-07</subfield>
		<subfield code="a">بغوي، الحسين بن مسعود،,</subfield>
		<subfield code="d">-1117?</subfield>
		<subfield code="t">مصابح السنة.</subfield>
	</datafield>
	<datafield ind1=" " ind2=" " tag="959">
		<subfield code="a">NNU</subfield>
		<subfield code="b">WEB</subfield>
		<subfield code="c">GENI</subfield>
		<subfield code="t">0</subfield>
		<subfield code="m">Electronic access</subfield>
		<subfield code="s">01</subfield>
	</datafield>
	<datafield ind1=" " ind2=" " tag="999">
		<subfield code="i">NNC_2960436</subfield>
		<subfield code="o">(OCoLC)ocm24866287 </subfield>
		<subfield code="s">columbia_aco003903:v.1</subfield>
		<subfield code="s">columbia_aco003904:v.2</subfield>
		<subfield code="s">columbia_aco003905:v.3</subfield>
	</datafield>
</record>
